@misc{spotify_ai_dj,
  author       = {Spotify Newsroom},
  title        = {Spotify Debuts a New AI DJ, Right in Your Pocket},
  year         = {2023},
  month        = feb,
  day          = {22},
  howpublished = {\url{https://newsroom.spotify.com/2023-02-22/spotify-debuts-a-new-ai-dj-right-in-your-pocket/}},
  note         = {Accessed: 2025-06-12}
}

@misc{doshi_mel_spectrogram,
  author       = {Doshi, Ketan},
  title        = {Audio Deep Learning Made Simple (Part 2): Why Mel Spectrograms Perform Better},
  year         = {2021},
  month        = feb,
  day          = {24},
  howpublished = {\url{https://towardsdatascience.com/audio-deep-learning-made-simple-part-2-why-mel-spectrograms-perform-better-aad889a93505/}},
  note         = {Accessed: 2025-06-12}
}



@misc{stihec_ai_weapon,
  author       = {Stihec, Jan},
  title        = {Choose Your AI Weapon: Deep Learning or Traditional Machine Learning},
  year         = {2024},
  month        = may,
  day          = {12},
  howpublished = {\url{https://shelf.io/blog/choose-your-ai-weapon-deep-learning-or-traditional-machine-learning/}},
  note         = {Accessed: 2025-06-12}
}

@misc{wikipedia_spectrogram,
  author       = {{Wikipedia}},
  title        = {Spectrogram},
  year         = {2025},
  howpublished = {\url{https://en.wikipedia.org/wiki/Spectrogram}},
  note         = {Accessed: 2025-06-12}
}

@article{tzanetakis2002,
  author       = {Tzanetakis, George and Cook, Perry},
  title        = {Musical genre classification of audio signals},
  journal      = {IEEE Transactions on Speech and Audio Processing},
  volume       = {10},
  number       = {5},
  pages        = {293--302},
  year         = {2002},
  month        = sep,
  note         = {via GTZAN dataset},
  doi          = {10.1109/TSA.2002.800560}
}

@inproceedings{choi2017crnn,
  author       = {Choi, Keunwoo and Fazekas, George and Sandler, Mark and Cho, Kyunghyun},
  title        = {Convolutional Recurrent Neural Networks for Music Classification},
  booktitle    = {Proceedings of the 2017 IEEE International Conference on Acoustics, Speech and Signal Processing (ICASSP)},
  pages        = {2392--2396},
  year         = {2017},
  month        = mar,
  doi          = {10.1109/ICASSP.2017.7952152}
}


@article{zhang2025ensemble,
  author       = {Zhang, Yuxin and Li, Teng},
  title        = {Music Genre Classification with Parallel Convolutional Neural Networks and Capuchin Search Algorithm},
  journal      = {Scientific Reports},
  volume       = {15},
  number       = {1},
  pages        = {1--15},
  year         = {2025},
  month        = mar,
  doi          = {10.1038/s41598-025-90619-7}
}

@misc{cyanite_ai,
  author       = {{Cyanite.ai}},
  title        = {AI-powered Music Tagging and Similarity Search},
  howpublished = {\url{https://cyanite.ai/music-tagging/}},
  year         = {2025},
  note         = {Accessed: 2025-06-12}
}

@article{oramas2018multimodal,
  author       = {Oramas, Sergio and Barbieri, Francesco and Nieto, Oscar and Serra, Xavier},
  title        = {Multimodal Deep Learning for Music Genre Classification},
  journal      = {Transactions of the International Society for Music Information Retrieval},
  volume       = {1},
  number       = {1},
  pages        = {4--21},
  year         = {2018},
  doi          = {10.5334/tismir.10}
}

@misc{fma_dataset,
  author       = {Defferrard, Michaël},
  title        = {FMA: A Dataset For Music Analysis},
  year         = {2017},
  howpublished = {\url{https://github.com/mdeff/fma}},
  note         = {Accessed: 2025-06-12}
}

@misc{tantai_weighted,
  author       = {Tantai, Hengtao},
  title        = {Use Weighted Loss Function to Solve Imbalanced Data Classification Problems},
  year         = {2023},
  month        = feb,
  day          = 26,
  howpublished = {\url{https://medium.com/@zergtant/use-weighted-loss-function-to-solve-imbalanced-data-classification-problems-749237f38b75}},
  note         = {Accessed: 2025-06-12}
}

@misc{cheuk2020impactaudioinputrepresentations,
      title={The impact of Audio input representations on neural network based music transcription}, 
      author={Kin Wai Cheuk and Kat Agres and Dorien Herremans},
      year={2020},
      eprint={2001.09989},
      archivePrefix={arXiv},
      primaryClass={cs.SD},
      url={https://arxiv.org/abs/2001.09989}, 
}


@misc{buhl_split,
  author       = {Buhl, Nikolaj},
  title        = {Train, Validation, Test Split Explained},
  year         = {2024},
  month        = nov,
  day          = 19,
  howpublished = {\url{https://encord.com/blog/train-val-test-split/}},
  note         = {Accessed: 2025-06-12}
}

@misc{kalra2023cnn_imageclass,
  author       = {Kalra, Khwaab},
  title        = {Convolutional Neural Networks for Image Classification},
  year         = {2023},
  month        = jul,
  day          = {13},
  howpublished = {\url{https://medium.com/@khwabkalra1/convolutional-neural-networks-for-image-classification-f0754f7b94aa}},
  note         = {Accessed: 2025-06-13}
}


@article{RAHMAN2024112502,
title = {Activation function optimization scheme for image classification},
journal = {Knowledge-Based Systems},
volume = {305},
pages = {112502},
year = {2024},
issn = {0950-7051},
doi = {https://doi.org/10.1016/j.knosys.2024.112502},
url = {https://www.sciencedirect.com/science/article/pii/S0950705124011365},
author = {Abdur Rahman and Lu He and Haifeng Wang},
}

@misc{landschoot2020github,
  author       = {Landschoot, Christopher and Homma, Ayako and Marcaccio, Elio and Farahani, Farhad},
  title        = {Music Genre Classification Using Convolutional Neural Networks},
  year         = {2020},
  howpublished = {\url{https://github.com/crlandsc/Music-Genre-Classification-Using-Convolutional-Neural-Networks}},
  note         = {Accessed: 2025-06-13}
}


@misc{wikipedia_error_function,
  author       = {{Wikipedia contributors}},
  title        = {Error function},
  year         = {2025},
  howpublished = {\url{https://en.wikipedia.org/wiki/Error_function}},
  note         = {Accessed: 2025-06-13}
}

@misc{rafalski2025cnnopt,
  author       = {Rafalski, Kacper},
  title        = {CNN Optimization: Strategies for Enhancing Deep Learning Performance},
  year         = {2025},
  month        = apr,
  day          = {7},
  howpublished = {\url{https://www.netguru.com/blog/cnn-optimization}},
  note         = {Accessed: 2025-06-13}
}

@article{DBLP:journals/corr/abs-1904-06008,
  author       = {Qiuyu Zhu and
                  Pengju Zhang and
                  Xin Ye},
  title        = {A New Loss Function for {CNN} Classifier Based on Pre-defined Evenly-Distributed
                  Class Centroids},
  journal      = {CoRR},
  volume       = {abs/1904.06008},
  year         = {2019},
  url          = {http://arxiv.org/abs/1904.06008},
  eprinttype    = {arXiv},
  eprint       = {1904.06008},
  timestamp    = {Thu, 25 Apr 2019 13:55:01 +0200},
  biburl       = {https://dblp.org/rec/journals/corr/abs-1904-06008.bib},
  bibsource    = {dblp computer science bibliography, https://dblp.org}
}

@article{zhang2025zfnet,
  author       = {Zhang, S. and Sun, Z. and Jafari, H.},
  title        = {A novel approach for music genre identification using ZFNet, ELM, and modified electric eel foraging optimizer},
  journal      = {Scientific Reports},
  volume       = {15},
  pages        = {14249},
  year         = {2025},
  doi          = {10.1038/s41598-025-98766-7},
  url          = {https://www.nature.com/articles/s41598-025-98766-7},
  note         = {Published: April 24, 2025}
}


@article{MAGED2024102855,
title = {Electric eel foraging algorithm-based optimal control for low voltage ride through capability improvement of Grid-Connected photovoltaic power plants},
journal = {Ain Shams Engineering Journal},
volume = {15},
number = {7},
pages = {102855},
year = {2024},
issn = {2090-4479},
doi = {https://doi.org/10.1016/j.asej.2024.102855},
url = {https://www.sciencedirect.com/science/article/pii/S2090447924002302},
author = {Nourhan A. Maged and Hany M. Hasanien and Mohammed Alharbi},
}

@misc{jimenez2020genre,
  author       = {Jiménez, Albert and José, Ferran},
  title        = {Music Genre Recognition with Deep Neural Networks},
  year         = {2020},
  howpublished = {\url{https://github.com/jsalbert/Music-Genre-Classification-with-Deep-Learning/blob/master/Music_genre_recognition.pdf}},
  note         = {Accessed: 2025-06-13}
}

@misc{jesussek2023logistic,
  author       = {Jesussek, Mathias},
  title        = {Logistic Regression Explained: A Beginner's Guide},
  year         = {2023},
  howpublished = {\url{https://datatab.net/tutorial/logistic-regression}},
  note         = {Accessed: 2025-06-13}
}

@misc{scikit_learn_website,
  author       = {{scikit-learn}},
  title        = {scikit-learn: Machine Learning in Python},
  year         = {2025},
  howpublished = {\url{https://scikit-learn.org/stable/}},
  note         = {Accessed: 2025-06-13}
}






